@article{appel2000kinetic,
  title={Kinetic modeling of soot formation with detailed chemistry and physics: laminar premixed flames of C2 hydrocarbons},
  author={Appel, J{\"o}rg and Bockhorn, Henning and Frenklach, Michael},
  journal={Combustion and flame},
  volume={121},
  number={1-2},
  pages={122--136},
  year={2000},
  publisher={Elsevier}
}