@article{blanquart2009chemical,
  title={Chemical mechanism for high temperature combustion of engine relevant fuels with emphasis on soot precursors},
  author={Blanquart, G and Pepiot-Desjardins, P and Pitsch, H},
  journal={Combustion and Flame},
  volume={156},
  number={3},
  pages={588--607},
  year={2009},
  publisher={Elsevier}
}