@article{Wang2011,
   author = {Hai Wang},
   issn = {15407489},
   issue = {1},
   journal = {Proc Combust Inst.},
   pages = {41-67},
   title = {Formation of nascent soot and other condensed-phase materials in flames},
   volume = {33},
   year = {2011},
}