@article{saggese2015kinetic,
  title={Kinetic modeling of particle size distribution of soot in a premixed burner-stabilized stagnation ethylene flame},
  author={Saggese, Chiara and Ferrario, Sara and Camacho, Joaquin and Cuoci, Alberto and Frassoldati, Alessio and Ranzi, Eliseo and Wang, Hai and Faravelli, Tiziano},
  journal={Combustion and Flame},
  volume={162},
  number={9},
  pages={3356--3369},
  year={2015},
  publisher={Elsevier}
}