@article{gleason2021small,
  title={Small aromatic hydrocarbons control the onset of soot nucleation},
  author={Gleason, Kevin and Carbone, Francesco and Sumner, Andrew J and Drollette, Brian D and Plata, Desiree L and Gomez, Alessandro},
  journal={Combustion and Flame},
  volume={223},
  pages={398--406},
  year={2021},
  publisher={Elsevier}
}

@article{gleason2021pahs,
  title={PAHs controlling soot nucleation in 0.101â€”0.811 MPa ethylene counterflow diffusion flames},
  author={Gleason, Kevin and Carbone, Francesco and Gomez, Alessandro},
  journal={Combustion and Flame},
  volume={227},
  pages={384--395},
  year={2021},
  publisher={Elsevier}
}