@article{naseri2022simulating,
  title={Simulating yield and morphology of carbonaceous nanoparticles during fuel pyrolysis in laminar flow reactors enabled by reactive inception and aromatic adsorption},
  author={Naseri, Ali and Kholghy, M Reza and Juan, Neil A and Thomson, Murray J},
  journal={Combustion and Flame},
  volume={237},
  pages={111721},
  year={2022},
  publisher={Elsevier}
}