@article{park2005influence,
  title={Influence of surface characteristics of carbon blacks on cure and mechanical behaviors of rubber matrix compoundings},
  author={Park, Soo-Jin and Seo, Min-Kang and Nah, Changwoon},
  journal={Journal of colloid and interface science},
  volume={291},
  number={1},
  pages={229--235},
  year={2005},
  publisher={Elsevier}
}