@article{Wang2011,
   author = {Hai Wang},
   issn = {15407489},
   issue = {1},
   journal = {Proc Combust Inst.},
   pages = {41-67},
   title = {Formation of nascent soot and other condensed-phase materials in flames},
   volume = {33},
   year = {2011},
}

@article{pratsinis2011history,
  title={History of manufacture of fine particles in high-temperature aerosol reactors},
  author={Pratsinis, Sotiris E},
  journal={Aerosol science and technology: History and reviews},
  pages={475--507},
  year={2011},
  publisher={RTI International Research Triangle Park NC}
}