@article{blanquart2009chemical,
  title={Chemical mechanism for high temperature combustion of engine relevant fuels with emphasis on soot precursors},
  author={Blanquart, G and Pepiot-Desjardins, P and Pitsch, H},
  journal={Combustion and Flame},
  volume={156},
  number={3},
  pages={588--607},
  year={2009},
  publisher={Elsevier}
}


@article{blanquart2009analyzing,
  title={Analyzing the effects of temperature on soot formation with a joint volume-surface-hydrogen model},
  author={Blanquart, G and Pitsch, H},
  journal={Combustion and Flame},
  volume={156},
  number={8},
  pages={1614--1626},
  year={2009},
  publisher={Elsevier}
}

@article{d2009combustion,
  title={Combustion-formed nanoparticles},
  author={Dâ€™Anna, Andrea},
  journal={Proceedings of the Combustion Institute},
  volume={32},
  number={1},
  pages={593--613},
  year={2009},
  publisher={Elsevier}
}