@article{buesser2012design,
  title={Design of nanomaterial synthesis by aerosol processes},
  author={Buesser, Beat and Pratsinis, Sotiris E},
  journal={Annual review of chemical and biomolecular engineering},
  volume={3},
  pages={103--127},
  year={2012},
  publisher={Annual Reviews}
}