@article{Oberlin1984,
   author = {A Oberlin},
   issn = {0008-6223},
   issue = {6},
   journal = {Carbon},
   pages = {521-541},
   publisher = {Elsevier},
   title = {Carbonization and graphitization},
   volume = {22},
   year = {1984},
}

@article{stein1985high,
  title={High-temperature stabilities of hydrocarbons},
  author={Stein, Stephen E and Fahr, A},
  journal={The Journal of Physical Chemistry},
  volume={89},
  number={17},
  pages={3714--3725},
  year={1985},
  publisher={ACS Publications}
}

@inproceedings{miller1985calculations,
  title={Calculations of the dimerization of aromatic hydrocarbons: Implications for soot formation},
  author={Miller, J Houston and Smyth, Kermit C and Mallard, W Gary},
  booktitle={Symposium (International) on Combustion},
  volume={20},
  number={1},
  pages={1139--1147},
  year={1985},
  organization={Elsevier}
}