@misc{cantera,
    author = "David G. Goodwin and Harry K. Moffat and Ingmar Schoegl and Raymond L.
              Speth and Bryan W. Weber",
    title = "Cantera: An Object-oriented Software Toolkit for Chemical
             Kinetics, Thermodynamics, and Transport Processes",
    year = 2023,
    note = "Version 3.0.0",
    howpublished = "\url{https://www.cantera.org}",
    doi = {10.5281/zenodo.8137090}
}

@article{fulcheri2023energy,
  title={An energy-efficient plasma methane pyrolysis process for high yields of carbon black and hydrogen},
  author={Fulcheri, Laurent and Rohani, Vandad-Julien and Wyse, Elliott and Hardman, Ned and Dames, Enoch},
  journal={International Journal of Hydrogen Energy},
  volume={48},
  number={8},
  pages={2920--2928},
  year={2023},
  publisher={Elsevier}
}