@article{2020SciPy,
  author  = {Virtanen, Pauli and Gommers, Ralf and Oliphant, Travis E. and
            Haberland, Matt and Reddy, Tyler and Cournapeau, David and
            Burovski, Evgeni and Peterson, Pearu and Weckesser, Warren and
            Bright, Jonathan and {van der Walt}, St{\'e}fan J. and
            Brett, Matthew and Wilson, Joshua and Millman, K. Jarrod and
            Mayorov, Nikolay and Nelson, Andrew R. J. and Jones, Eric and
            Kern, Robert and Larson, Eric and Carey, C J and
            Polat, {\.I}lhan and Feng, Yu and Moore, Eric W. and
            {VanderPlas}, Jake and Laxalde, Denis and Perktold, Josef and
            Cimrman, Robert and Henriksen, Ian and Quintero, E. A. and
            Harris, Charles R. and Archibald, Anne M. and
            Ribeiro, Ant{\^o}nio H. and Pedregosa, Fabian and
            {van Mulbregt}, Paul and {SciPy 1.0 Contributors}},
  title   = {{{SciPy} 1.0: Fundamental Algorithms for Scientific
            Computing in Python}},
  journal = {Nature Methods},
  year    = {2020},
  volume  = {17},
  pages   = {261--272},
  adsurl  = {https://rdcu.be/b08Wh},
  doi     = {10.1038/s41592-019-0686-2},
}

@article{frenklach2020mechanism,
  title={On the mechanism of soot nucleation},
  author={Frenklach, Michael and Mebel, Alexander M},
  journal={Physical Chemistry Chemical Physics},
  volume={22},
  number={9},
  pages={5314--5331},
  year={2020},
  publisher={Royal Society of Chemistry}
}

@article{michelsen2020review,
  title={A review of terminology used to describe soot formation and evolution under combustion and pyrolytic conditions},
  author={Michelsen, Hope A and Colket, Meredith B and Bengtsson, Per-Erik and Dâ€™anna, Andrea and Desgroux, Pascale and Haynes, Brian S and Miller, J Houston and Nathan, Graham J and Pitsch, Heinz and Wang, Hai},
  journal={ACS nano},
  volume={14},
  number={10},
  pages={12470--12490},
  year={2020},
  publisher={ACS Publications}
}