@article{Spicer2002,
   author = {Patrick T Spicer and Olivier Chaoul and Stavros Tsantilis and Sotiris E Pratsinis},
   issn = {0021-8502},
   issue = {1},
   journal = {J. Aerosol Sci.},
   pages = {17-34},
   publisher = {Elsevier},
   title = {Titania formation by TiCl4 gas phase oxidation, surface growth and coagulation},
   volume = {33},
   year = {2002},
}

article{frenklach2002reaction,
  title={Reaction mechanism of soot formation in flames},
  author={Frenklach, Michael},
  journal={Physical chemistry chemical Physics},
  volume={4},
  number={11},
  pages={2028--2037},
  year={2002},
  publisher={Royal Society of Chemistry}
}