@article{myhre2014anthropogenic,
  title={Anthropogenic and natural radiative forcing},
  author={Myhre, Gunnar and Shindell, Drew and Pongratz, Julia},
  year={2014},
  publisher={Cambridge University Press}
}

@article{saffaripour2014experimental,
  title={Experimental investigation and detailed modeling of soot aggregate formation and size distribution in laminar coflow diffusion flames of Jet A-1, a synthetic kerosene, and n-decane},
  author={Saffaripour, Meghdad and Veshkini, Armin and Kholghy, Mohammadreza and Thomson, Murray J},
  journal={Combustion and Flame},
  volume={161},
  number={3},
  pages={848--863},
  year={2014},
  publisher={Elsevier}
}