
@article{schiener2019transported,
  title={Transported probability density function based modelling of soot particle size distributions in non-premixed turbulent jet flames},
  author={Schiener, MA and Lindstedt, RP},
  journal={Proceedings of the Combustion Institute},
  volume={37},
  number={1},
  pages={1049--1056},
  year={2019},
  publisher={Elsevier}
}

@article{Kelesidis2019,
   author = {Georgios A Kelesidis and Sotiris E Pratsinis},
   issn = {0010-2180},
   journal = {Combust. Flame},
   pages = {493-499},
   publisher = {Elsevier},
   title = {Estimating the internal and surface oxidation of soot agglomerates},
   volume = {209},
   year = {2019},
}

@article{integrated2019,
	author = {U.S. EPA.},
	title = {Integrated Science Assessment (ISA) for Particulate Matter (Final Report, Dec 2019)},
	publisher = {U.S. Environmental Protection Agency, Washington, DC, EPA/600/R-19/188},
	year = {2019},
}