@article{Norinaga2008,
   author = {Koyo Norinaga and Vinod M Janardhanan and Olaf Deutschmann},
   issn = {0538-8066},
   issue = {4},
   journal = {Int. J. Chem. Kinet.},
   pages = {199-208},
   publisher = {Wiley Online Library},
   title = {Detailed chemical kinetic modeling of pyrolysis of ethylene, acetylene, and propylene at 1073–1373 K with a plug‐flow reactor model},
   volume = {40},
   year = {2008},
}