@web_page{international2017,
   title = {International Carbon Black Association, Carbon black user’s guide},
   year = {2017},
}

@article{Kelesidis2017,
   author = {Georgios A. Kelesidis and Eirini Goudeli and Sotiris E. Pratsinis},
   issn = {00086223},
   journal = {Carbon},
   month = {9},
   pages = {527-535},
   title = {Morphology and mobility diameter of carbonaceous aerosols during agglomeration and surface growth},
   volume = {121},
   year = {2017},
}

@article{Kelesidis2017Flame,
   author = {Georgios A. Kelesidis and Eirini Goudeli and Sotiris E. Pratsinis},
   issn = {15407489},
   issue = {1},
   journal = {Proc Combust Inst .},
   pages = {29-50},
   title = {Flame synthesis of functional nanostructured materials and devices: Surface growth and aggregation},
   volume = {36},
   year = {2017},
}

@article{Carbone2017,
   author = {Francesco Carbone and Kevin Gleason and Alessandro Gomez},
   issn = {15562921},
   journal = {Combustion and Flame},
   keywords = {Flame sampling,GC/MS,Optical diagnostics,PAHs,Soot},
   pages = {315-328},
   title = {Probing gas-to-particle transition in a moderately sooting atmospheric pressure ethylene/air laminar premixed flame. Part I: gas phase and soot ensemble characterization},
   volume = {181},
   year = {2017},
}

@article{johansson2017evolution,
  title={Evolution of maturity levels of the particle surface and bulk during soot growth and oxidation in a flame},
  author={Johansson, KO and El Gabaly, F and Schrader, PE and Campbell, MF and Michelsen, HA},
  journal={Aerosol Science and Technology},
  volume={51},
  number={12},
  pages={1333--1344},
  year={2017},
  publisher={Taylor \& Francis}
}

@article{lapuerta2017morphological,
  title={Morphological analysis of soot agglomerates from biodiesel surrogates in a coflow burner},
  author={Lapuerta, Mag{\'\i}n and Barba, Javier and Sediako, Anton D and Kholghy, Mohammad Reza and Thomson, Murray J},
  journal={Journal of Aerosol Science},
  volume={111},
  pages={65--74},
  year={2017},
  publisher={Elsevier}
}

@article{desgroux2017comparative,
  title={Comparative study of the soot formation process in a “nucleation” and a “sooting” low pressure premixed methane flame},
  author={Desgroux, Pascale and Faccinetto, Alessandro and Mercier, Xavier and Mouton, Thomas and Karkar, Damien Aubagnac and El Bakali, Abderrahman},
  journal={Combustion and Flame},
  volume={184},
  pages={153--166},
  year={2017},
  publisher={Elsevier}
