@misc{fuchs1965mechanics,
  title={The mechanics of aerosols},
  author={Fuchs, Nikolaj A and Daisley, RE and Fuchs, Marina and Davies, CN and Straumanis, ME},
  year={1965},
  publisher={American Institute of Physics}
}