@article{kholghy2016core,
  title={The core--shell internal nanostructure of soot--A criterion to model soot maturity},
  author={Kholghy, Mohammad Reza and Veshkini, Armin and Thomson, Murray John},
  journal={Carbon},
  volume={100},
  pages={508--536},
  year={2016},
  publisher={Elsevier}
}

@article{Goudeli2016,
   author = {Eirini Goudeli and Maximilian L Eggersdorfer and Sotiris E Pratsinis},
   issn = {0743-7463},
   issue = {36},
   journal = {Langmuir},
   pages = {9276-9285},
   publisher = {ACS Publications},
   title = {Coagulation of agglomerates consisting of polydisperse primary particles},
   volume = {32},
   year = {2016},
}

@article{international2016carbon,
  title={Carbon black userâ€™s guide},
  author={International Carbon Black Association and others},
  journal={available at www. carbon-black. org},
  year={2016}
}

@article{veshkini2016understanding,
  title={Understanding soot particle size evolution in laminar ethylene/air diffusion flames using novel soot coalescence models},
  author={Veshkini, Armin and Dworkin, Seth B and Thomson, Murray J},
  journal={Combustion Theory and Modelling},
  volume={20},
  number={4},
  pages={707--734},
  year={2016},
  publisher={Taylor \& Francis}
}

@article{johansson2016formation,
  title={Formation and emission of large furans and oxygenated hydrocarbons from flames},
  author={Johansson, K Olof and Dillstrom, Tyler and Monti, Matteo and El Gabaly, Farid and Campbell, Matthew F and Schrader, Paul E and Popolan-Vaida, Denisia M and Richards-Henderson, Nicole K and Wilson, Kevin R and Violi, Angela and others},
  journal={Proceedings of the National Academy of Sciences},
  volume={113},
  number={30},
  pages={8374--8379},
  year={2016},
  publisher={National Acad Sciences}
}