@article{cho2004conversion,
  title={Conversion of natural gas to hydrogen and carbon black by plasma and application of plasma carbon black},
  author={Cho, Wonihl and Lee, Seung-Ho and Ju, Woo-Sung and Baek, Youngsoon and Lee, Joong Kee},
  journal={Catalysis Today},
  volume={98},
  number={4},
  pages={633--638},
  year={2004},
  publisher={Elsevier}
}

@inproceedings{colket2004modeling,
  title={Modeling soot formation in a stirred reactor},
  author={Colket III, Meredith B and Hall, Robert J and Stouffer, Scott D},
  booktitle={Turbo Expo: Power for Land, Sea, and Air},
  volume={41669},
  pages={673--678},
  year={2004}
}

@article{tsantilis2004soft,
  title={Soft-and hard-agglomerate aerosols made at high temperatures},
  author={Tsantilis, Stavros and Pratsinis, Sotiris E},
  journal={Langmuir},
  volume={20},
  number={14},
  pages={5933--5939},
  year={2004},
  publisher={ACS Publications}
}