@article{gonzalez2007carbon,
  title={Carbon nanostructures production by gas-phase plasma processes at atmospheric pressure},
  author={Gonzalez-Aguilar, Jos{\'e} and Moreno, Maryline and Fulcheri, Laurent},
  journal={Journal of Physics D: Applied Physics},
  volume={40},
  number={8},
  pages={2361},
  year={2007},
  publisher={IOP Publishing}
}

@article{vander2007hrtem,
  title={HRTEM Study of diesel soot collected from diesel particulate filters},
  author={Vander Wal, Randy L and Yezerets, Aleksey and Currier, Neal W and Kim, Do Heui and Wang, Chong Min},
  journal={Carbon},
  volume={45},
  number={1},
  pages={70--77},
  year={2007},
  publisher={Elsevier}
}

@article{jensen2007measurement,
  title={Measurement of soot morphology, chemistry, and optical properties in the visible and near-infrared spectrum in the flame zone and overfire region of large JP-8 pool fires},
  author={Jensen, Kirk A and Suo-Anttila, Jill M and Blevins, Linda G},
  journal={Combustion science and technology},
  volume={179},
  number={12},
  pages={2453--2487},
  year={2007},
  publisher={Taylor \& Francis}
}

@article{obolensky2007interplay,
  title={Interplay of electrostatic and van der Waals forces in coronene dimer},
  author={Obolensky, OI and Semenikhina, VV and Solov'Yov, AV and Greiner, W},
  journal={International Journal of Quantum Chemistry},
  volume={107},
  number={6},
  pages={1335--1343},
  year={2007},
  publisher={Wiley Online Library}
}