@article{saggese2015kinetic,
  title={Kinetic modeling of particle size distribution of soot in a premixed burner-stabilized stagnation ethylene flame},
  author={Saggese, Chiara and Ferrario, Sara and Camacho, Joaquin and Cuoci, Alberto and Frassoldati, Alessio and Ranzi, Eliseo and Wang, Hai and Faravelli, Tiziano},
  journal={Combustion and Flame},
  volume={162},
  number={9},
  pages={3356--3369},
  year={2015},
  publisher={Elsevier}
}

@article{russo2015dehydrogenation,
  title={Dehydrogenation and growth of soot in premixed flames},
  author={Russo, C and Tregrossi, A and Ciajolo, A},
  journal={Proceedings of the Combustion Institute},
  volume={35},
  number={2},
  pages={1803--1809},
  year={2015},
  publisher={Elsevier}
}

@article{camacho2015mobility,
  title={Mobility size and mass of nascent soot particles in a benchmark premixed ethylene flame},
  author={Camacho, Joaquin and Liu, Changran and Gu, Chen and Lin, He and Huang, Zhen and Tang, Quanxi and You, Xiaoqing and Saggese, Chiara and Li, Yang and Jung, Heejung and others},
  journal={Combustion and Flame},
  volume={162},
  number={10},
  pages={3810--3822},
  year={2015},
  publisher={Elsevier}
}

@article{wang2015soot,
  title={Soot modeling of counterflow diffusion flames of ethylene-based binary mixture fuels},
  author={Wang, Yu and Raj, Abhijeet and Chung, Suk Ho},
  journal={Combustion and Flame},
  volume={162},
  number={3},
  pages={586--596},
  year={2015},
  publisher={Elsevier}
}

@article{salenbauch2015modeling,
  title={Modeling soot formation in premixed flames using an extended conditional quadrature method of moments},
  author={Salenbauch, Steffen and Cuoci, Alberto and Frassoldati, Alessio and Saggese, Chiara and Faravelli, Tiziano and Hasse, Christian},
  journal={Combustion and Flame},
  volume={162},
  number={6},
  pages={2529--2543},
  year={2015},
  publisher={Elsevier}
}