@inproceedings{frenklach1991detailed,
  title={Detailed modeling of soot particle nucleation and growth},
  author={Frenklach, Michael and Wang, Hai},
  booktitle={Symposium (International) on Combustion},
  volume={23},
  number={1},
  pages={1559--1566},
  year={1991},
  organization={Elsevier}
}

@article{Xiong1993,
   author = {Yun Xiong and Sotiris E Pratsinis},
   issn = {0021-8502},
   issue = {3},
   journal = {J. Aerosol Sci.},
   pages = {283-300},
   publisher = {Elsevier},
   title = {Formation of agglomerate particles by coagulation and sinteringâ€”Part I. A two-dimensional solution of the population balance equation},
   volume = {24},
   year = {1993},
}


@article{bansal1993carbon,
  title={Carbon black},
  author={Bansal, Roop Chand and Wang, Meng-Jiao and Donnet, JB},
  journal={Science and Technology},
  volume={133},
  year={1993}
}

