@article{wang2013pah,
  title={A PAH growth mechanism and synergistic effect on PAH formation in counterflow diffusion flames},
  author={Wang, Yu and Raj, Abhijeet and Chung, Suk Ho},
  journal={Combustion and flame},
  volume={160},
  number={9},
  pages={1667--1676},
  year={2013},
  publisher={Elsevier}
}

@article{world2013health,
  title={Health Effects of Particulate Matter: Policy implications for countries in eastern Europe, Caucasus and central Asia},
  author={World Health Organization and others},
  year={2013},
  publisher={World Health Organization. Regional Office for Europe}
}