@article{grass2006design,
  title={Design of high-temperature, gas-phase synthesis of hard or soft TiO2 agglomerates},
  author={Grass, Robert N and Tsantilis, Stavros and Pratsinis, Sotiris E},
  journal={AIChE Journal},
  volume={52},
  number={4},
  pages={1318--1325},
  year={2006},
  publisher={Wiley Online Library}
}