@article{Oberlin1984,
   author = {A Oberlin},
   issn = {0008-6223},
   issue = {6},
   journal = {Carbon},
   pages = {521-541},
   publisher = {Elsevier},
   title = {Carbonization and graphitization},
   volume = {22},
   year = {1984},
}

@article{stein1985high,
  title={High-temperature stabilities of hydrocarbons},
  author={Stein, Stephen E and Fahr, A},
  journal={The Journal of Physical Chemistry},
  volume={89},
  number={17},
  pages={3714--3725},
  year={1985},
  publisher={ACS Publications}
}

@inproceedings{miller1985calculations,
  title={Calculations of the dimerization of aromatic hydrocarbons: Implications for soot formation},
  author={Miller, J Houston and Smyth, Kermit C and Mallard, W Gary},
  booktitle={Symposium (International) on Combustion},
  volume={20},
  number={1},
  pages={1139--1147},
  year={1985},
  organization={Elsevier}
}
@inproceedings{frenklach1991detailed,
  title={Detailed modeling of soot particle nucleation and growth},
  author={Frenklach, Michael and Wang, Hai},
  booktitle={Symposium (International) on Combustion},
  volume={23},
  number={1},
  pages={1559--1566},
  year={1991},
  organization={Elsevier}
}

@article{Xiong1993,
   author = {Yun Xiong and Sotiris E Pratsinis},
   issn = {0021-8502},
   issue = {3},
   journal = {J. Aerosol Sci.},
   pages = {283-300},
   publisher = {Elsevier},
   title = {Formation of agglomerate particles by coagulation and sintering—Part I. A two-dimensional solution of the population balance equation},
   volume = {24},
   year = {1993},
}


@article{bansal1993carbon,
  title={Carbon black},
  author={Bansal, Roop Chand and Wang, Meng-Jiao and Donnet, JB},
  journal={Science and Technology},
  volume={133},
  year={1993}
}


@article{appel2000kinetic,
  title={Kinetic modeling of soot formation with detailed chemistry and physics: laminar premixed flames of C2 hydrocarbons},
  author={Appel, J{\"o}rg and Bockhorn, Henning and Frenklach, Michael},
  journal={Combustion and flame},
  volume={121},
  number={1-2},
  pages={122--136},
  year={2000},
  publisher={Elsevier}
}

@article{watson2001carbon,
  title={Carbon black and soot: two different substances},
  author={Watson, Ann Y and Valberg, Peter A},
  journal={AIHAJ-American Industrial Hygiene Association},
  volume={62},
  number={2},
  pages={218--228},
  year={2001},
  publisher={Taylor \& Francis}
}
@article{Spicer2002,
   author = {Patrick T Spicer and Olivier Chaoul and Stavros Tsantilis and Sotiris E Pratsinis},
   issn = {0021-8502},
   issue = {1},
   journal = {J. Aerosol Sci.},
   pages = {17-34},
   publisher = {Elsevier},
   title = {Titania formation by TiCl4 gas phase oxidation, surface growth and coagulation},
   volume = {33},
   year = {2002},
}

article{frenklach2002reaction,
  title={Reaction mechanism of soot formation in flames},
  author={Frenklach, Michael},
  journal={Physical chemistry chemical Physics},
  volume={4},
  number={11},
  pages={2028--2037},
  year={2002},
  publisher={Royal Society of Chemistry}
}

@article{cho2004conversion,
  title={Conversion of natural gas to hydrogen and carbon black by plasma and application of plasma carbon black},
  author={Cho, Wonihl and Lee, Seung-Ho and Ju, Woo-Sung and Baek, Youngsoon and Lee, Joong Kee},
  journal={Catalysis Today},
  volume={98},
  number={4},
  pages={633--638},
  year={2004},
  publisher={Elsevier}
}
@article{park2005influence,
  title={Influence of surface characteristics of carbon blacks on cure and mechanical behaviors of rubber matrix compoundings},
  author={Park, Soo-Jin and Seo, Min-Kang and Nah, Changwoon},
  journal={Journal of colloid and interface science},
  volume={291},
  number={1},
  pages={229--235},
  year={2005},
  publisher={Elsevier}
}

@article{gonzalez2007carbon,
  title={Carbon nanostructures production by gas-phase plasma processes at atmospheric pressure},
  author={Gonzalez-Aguilar, Jos{\'e} and Moreno, Maryline and Fulcheri, Laurent},
  journal={Journal of Physics D: Applied Physics},
  volume={40},
  number={8},
  pages={2361},
  year={2007},
  publisher={IOP Publishing}
}

@article{vander2007hrtem,
  title={HRTEM Study of diesel soot collected from diesel particulate filters},
  author={Vander Wal, Randy L and Yezerets, Aleksey and Currier, Neal W and Kim, Do Heui and Wang, Chong Min},
  journal={Carbon},
  volume={45},
  number={1},
  pages={70--77},
  year={2007},
  publisher={Elsevier}
}
@article{Norinaga2008,
   author = {Koyo Norinaga and Vinod M Janardhanan and Olaf Deutschmann},
   issn = {0538-8066},
   issue = {4},
   journal = {Int. J. Chem. Kinet.},
   pages = {199-208},
   publisher = {Wiley Online Library},
   title = {Detailed chemical kinetic modeling of pyrolysis of ethylene, acetylene, and propylene at 1073–1373 K with a plug‐flow reactor model},
   volume = {40},
   year = {2008},
}
@article{blanquart2009chemical,
  title={Chemical mechanism for high temperature combustion of engine relevant fuels with emphasis on soot precursors},
  author={Blanquart, G and Pepiot-Desjardins, P and Pitsch, H},
  journal={Combustion and Flame},
  volume={156},
  number={3},
  pages={588--607},
  year={2009},
  publisher={Elsevier}
}


@article{blanquart2009analyzing,
  title={Analyzing the effects of temperature on soot formation with a joint volume-surface-hydrogen model},
  author={Blanquart, G and Pitsch, H},
  journal={Combustion and Flame},
  volume={156},
  number={8},
  pages={1614--1626},
  year={2009},
  publisher={Elsevier}
}

@article{d2009combustion,
  title={Combustion-formed nanoparticles},
  author={D’Anna, Andrea},
  journal={Proceedings of the Combustion Institute},
  volume={32},
  number={1},
  pages={593--613},
  year={2009},
  publisher={Elsevier}
}
@article{Palomares2010,
   author = {Verónica Palomares and Aintzane Goñi and Izaskun Gil De Muro and Iratxe De Meatza and Miguel Bengoechea and Igor Cantero and Teófilo Rojo},
   issn = {0378-7753},
   issue = {22},
   journal = {J. Power Sources},
   pages = {7661-7668},
   publisher = {Elsevier},
   title = {Conductive additive content balance in Li-ion battery cathodes: Commercial carbon blacks vs. in situ carbon from LiFePO4/C composites},
   volume = {195},
   year = {2010},
}

@article{sabbah2010exploring,
  title={Exploring the role of PAHs in the formation of soot: Pyrene dimerization},
  author={Sabbah, Hassan and Biennier, Ludovic and Klippenstein, Stephen J and Sims, Ian R and Rowe, Bertrand R},
  journal={The Journal of Physical Chemistry Letters},
  volume={1},
  number={19},
  pages={2962--2967},
  year={2010},
  publisher={ACS Publications}
}
@article{Wang2011,
   author = {Hai Wang},
   issn = {15407489},
   issue = {1},
   journal = {Proc Combust Inst.},
   pages = {41-67},
   title = {Formation of nascent soot and other condensed-phase materials in flames},
   volume = {33},
   year = {2011},
}

@article{pratsinis2011history,
  title={History of manufacture of fine particles in high-temperature aerosol reactors},
  author={Pratsinis, Sotiris E},
  journal={Aerosol science and technology: History and reviews},
  pages={475--507},
  year={2011},
  publisher={RTI International Research Triangle Park NC}
}
@article{buesser2012design,
  title={Design of nanomaterial synthesis by aerosol processes},
  author={Buesser, Beat and Pratsinis, Sotiris E},
  journal={Annual review of chemical and biomolecular engineering},
  volume={3},
  pages={103--127},
  year={2012},
  publisher={Annual Reviews}
}
@article{wang2013pah,
  title={A PAH growth mechanism and synergistic effect on PAH formation in counterflow diffusion flames},
  author={Wang, Yu and Raj, Abhijeet and Chung, Suk Ho},
  journal={Combustion and flame},
  volume={160},
  number={9},
  pages={1667--1676},
  year={2013},
  publisher={Elsevier}
}

@article{world2013health,
  title={Health Effects of Particulate Matter: Policy implications for countries in eastern Europe, Caucasus and central Asia},
  author={World Health Organization and others},
  year={2013},
  publisher={World Health Organization. Regional Office for Europe}
}
@article{myhre2014anthropogenic,
  title={Anthropogenic and natural radiative forcing},
  author={Myhre, Gunnar and Shindell, Drew and Pongratz, Julia},
  year={2014},
  publisher={Cambridge University Press}
}
@article{saggese2015kinetic,
  title={Kinetic modeling of particle size distribution of soot in a premixed burner-stabilized stagnation ethylene flame},
  author={Saggese, Chiara and Ferrario, Sara and Camacho, Joaquin and Cuoci, Alberto and Frassoldati, Alessio and Ranzi, Eliseo and Wang, Hai and Faravelli, Tiziano},
  journal={Combustion and Flame},
  volume={162},
  number={9},
  pages={3356--3369},
  year={2015},
  publisher={Elsevier}
}

@article{russo2015dehydrogenation,
  title={Dehydrogenation and growth of soot in premixed flames},
  author={Russo, C and Tregrossi, A and Ciajolo, A},
  journal={Proceedings of the Combustion Institute},
  volume={35},
  number={2},
  pages={1803--1809},
  year={2015},
  publisher={Elsevier}
}

@article{camacho2015mobility,
  title={Mobility size and mass of nascent soot particles in a benchmark premixed ethylene flame},
  author={Camacho, Joaquin and Liu, Changran and Gu, Chen and Lin, He and Huang, Zhen and Tang, Quanxi and You, Xiaoqing and Saggese, Chiara and Li, Yang and Jung, Heejung and others},
  journal={Combustion and Flame},
  volume={162},
  number={10},
  pages={3810--3822},
  year={2015},
  publisher={Elsevier}
}

@article{wang2015soot,
  title={Soot modeling of counterflow diffusion flames of ethylene-based binary mixture fuels},
  author={Wang, Yu and Raj, Abhijeet and Chung, Suk Ho},
  journal={Combustion and Flame},
  volume={162},
  number={3},
  pages={586--596},
  year={2015},
  publisher={Elsevier}
}

@article{salenbauch2015modeling,
  title={Modeling soot formation in premixed flames using an extended conditional quadrature method of moments},
  author={Salenbauch, Steffen and Cuoci, Alberto and Frassoldati, Alessio and Saggese, Chiara and Faravelli, Tiziano and Hasse, Christian},
  journal={Combustion and Flame},
  volume={162},
  number={6},
  pages={2529--2543},
  year={2015},
  publisher={Elsevier}
}
@article{kholghy2016core,
  title={The core--shell internal nanostructure of soot--A criterion to model soot maturity},
  author={Kholghy, Mohammad Reza and Veshkini, Armin and Thomson, Murray John},
  journal={Carbon},
  volume={100},
  pages={508--536},
  year={2016},
  publisher={Elsevier}
}

@article{Goudeli2016,
   author = {Eirini Goudeli and Maximilian L Eggersdorfer and Sotiris E Pratsinis},
   issn = {0743-7463},
   issue = {36},
   journal = {Langmuir},
   pages = {9276-9285},
   publisher = {ACS Publications},
   title = {Coagulation of agglomerates consisting of polydisperse primary particles},
   volume = {32},
   year = {2016},
}

@article{international2016carbon,
  title={Carbon black user’s guide},
  author={International Carbon Black Association and others},
  journal={available at www. carbon-black. org},
  year={2016}
}

@article{veshkini2016understanding,
  title={Understanding soot particle size evolution in laminar ethylene/air diffusion flames using novel soot coalescence models},
  author={Veshkini, Armin and Dworkin, Seth B and Thomson, Murray J},
  journal={Combustion Theory and Modelling},
  volume={20},
  number={4},
  pages={707--734},
  year={2016},
  publisher={Taylor \& Francis}
}
@web_page{international2017,
   title = {International Carbon Black Association, Carbon black user’s guide},
   year = {2017},
}

@article{Kelesidis2017,
   author = {Georgios A. Kelesidis and Eirini Goudeli and Sotiris E. Pratsinis},
   issn = {00086223},
   journal = {Carbon},
   month = {9},
   pages = {527-535},
   title = {Morphology and mobility diameter of carbonaceous aerosols during agglomeration and surface growth},
   volume = {121},
   year = {2017},
}

@article{Kelesidis2017Flame,
   author = {Georgios A. Kelesidis and Eirini Goudeli and Sotiris E. Pratsinis},
   issn = {15407489},
   issue = {1},
   journal = {Proc Combust Inst .},
   pages = {29-50},
   title = {Flame synthesis of functional nanostructured materials and devices: Surface growth and aggregation},
   volume = {36},
   year = {2017},
}

@article{Carbone2017,
   author = {Francesco Carbone and Kevin Gleason and Alessandro Gomez},
   issn = {15562921},
   journal = {Combustion and Flame},
   keywords = {Flame sampling,GC/MS,Optical diagnostics,PAHs,Soot},
   pages = {315-328},
   title = {Probing gas-to-particle transition in a moderately sooting atmospheric pressure ethylene/air laminar premixed flame. Part I: gas phase and soot ensemble characterization},
   volume = {181},
   year = {2017},
}

@article{johansson2017evolution,
  title={Evolution of maturity levels of the particle surface and bulk during soot growth and oxidation in a flame},
  author={Johansson, KO and El Gabaly, F and Schrader, PE and Campbell, MF and Michelsen, HA},
  journal={Aerosol Science and Technology},
  volume={51},
  number={12},
  pages={1333--1344},
  year={2017},
  publisher={Taylor \& Francis}
}

@article{lapuerta2017morphological,
  title={Morphological analysis of soot agglomerates from biodiesel surrogates in a coflow burner},
  author={Lapuerta, Mag{\'\i}n and Barba, Javier and Sediako, Anton D and Kholghy, Mohammad Reza and Thomson, Murray J},
  journal={Journal of Aerosol Science},
  volume={111},
  pages={65--74},
  year={2017},
  publisher={Elsevier}
}

@article{desgroux2017comparative,
  title={Comparative study of the soot formation process in a “nucleation” and a “sooting” low pressure premixed methane flame},
  author={Desgroux, Pascale and Faccinetto, Alessandro and Mercier, Xavier and Mouton, Thomas and Karkar, Damien Aubagnac and El Bakali, Abderrahman},
  journal={Combustion and Flame},
  volume={184},
  pages={153--166},
  year={2017},
  publisher={Elsevier}

@article{kholghy2018reactive,
  title={Reactive polycyclic aromatic hydrocarbon dimerization drives soot nucleation},
  author={Kholghy, Mohammad R and Kelesidis, Georgios A and Pratsinis, Sotiris E},
  journal={Physical Chemistry Chemical Physics},
  volume={20},
  number={16},
  pages={10926--10938},
  year={2018},
  publisher={Royal Society of Chemistry}
}

@article{singh2018nanostructure,
  title={Nanostructure quantification of carbon blacks},
  author={Singh, Madhu and Vander Wal, Randy L},
  journal={C},
  volume={5},
  number={1},
  pages={2},
  year={2018},
  publisher={MDPI}
}

@article{gleason2018effect,
  title={Effect of temperature on soot inception in highly controlled counterflow ethylene diffusion flames},
  author={Gleason, Kevin and Carbone, Francesco and Gomez, Alessandro},
  journal={Combustion and Flame},
  volume={192},
  pages={283--294},
  year={2018},
  publisher={Elsevier}
}



@article{schiener2019transported,
  title={Transported probability density function based modelling of soot particle size distributions in non-premixed turbulent jet flames},
  author={Schiener, MA and Lindstedt, RP},
  journal={Proceedings of the Combustion Institute},
  volume={37},
  number={1},
  pages={1049--1056},
  year={2019},
  publisher={Elsevier}
}

@article{Kelesidis2019,
   author = {Georgios A Kelesidis and Sotiris E Pratsinis},
   issn = {0010-2180},
   journal = {Combust. Flame},
   pages = {493-499},
   publisher = {Elsevier},
   title = {Estimating the internal and surface oxidation of soot agglomerates},
   volume = {209},
   year = {2019},
}

@article{integrated2019,
	author = {U.S. EPA.},
	title = {Integrated Science Assessment (ISA) for Particulate Matter (Final Report, Dec 2019)},
	publisher = {U.S. Environmental Protection Agency, Washington, DC, EPA/600/R-19/188},
	year = {2019},
}
@article{2020SciPy,
  author  = {Virtanen, Pauli and Gommers, Ralf and Oliphant, Travis E. and
            Haberland, Matt and Reddy, Tyler and Cournapeau, David and
            Burovski, Evgeni and Peterson, Pearu and Weckesser, Warren and
            Bright, Jonathan and {van der Walt}, St{\'e}fan J. and
            Brett, Matthew and Wilson, Joshua and Millman, K. Jarrod and
            Mayorov, Nikolay and Nelson, Andrew R. J. and Jones, Eric and
            Kern, Robert and Larson, Eric and Carey, C J and
            Polat, {\.I}lhan and Feng, Yu and Moore, Eric W. and
            {VanderPlas}, Jake and Laxalde, Denis and Perktold, Josef and
            Cimrman, Robert and Henriksen, Ian and Quintero, E. A. and
            Harris, Charles R. and Archibald, Anne M. and
            Ribeiro, Ant{\^o}nio H. and Pedregosa, Fabian and
            {van Mulbregt}, Paul and {SciPy 1.0 Contributors}},
  title   = {{{SciPy} 1.0: Fundamental Algorithms for Scientific
            Computing in Python}},
  journal = {Nature Methods},
  year    = {2020},
  volume  = {17},
  pages   = {261--272},
  adsurl  = {https://rdcu.be/b08Wh},
  doi     = {10.1038/s41592-019-0686-2},
}
@article{gleason2021small,
  title={Small aromatic hydrocarbons control the onset of soot nucleation},
  author={Gleason, Kevin and Carbone, Francesco and Sumner, Andrew J and Drollette, Brian D and Plata, Desiree L and Gomez, Alessandro},
  journal={Combustion and Flame},
  volume={223},
  pages={398--406},
  year={2021},
  publisher={Elsevier}
}

@article{gleason2021pahs,
  title={PAHs controlling soot nucleation in 0.101—0.811 MPa ethylene counterflow diffusion flames},
  author={Gleason, Kevin and Carbone, Francesco and Gomez, Alessandro},
  journal={Combustion and Flame},
  volume={227},
  pages={384--395},
  year={2021},
  publisher={Elsevier}
}

@article{Kholghy2021,
   author = {M. R. Kholghy and G. A. Kelesidis},
   journal = {Combust. Flame},
   title = {Surface Growth, Coagulation and Oxidation of Soot by a Monodisperse Population Balance Model},
   year = {2021},
}

@article{xu2021experimental,
  title={An experimental and modeling study on sooting characteristics of laminar counterflow diffusion flames with partial premixing},
  author={Xu, Lei and Yan, Fuwu and Zhou, Mengxiang and Wang, Yu},
  journal={Energy},
  volume={218},
  pages={119479},
  year={2021},
  publisher={Elsevier}
}
@article{naseri2022simulating,
  title={Simulating yield and morphology of carbonaceous nanoparticles during fuel pyrolysis in laminar flow reactors enabled by reactive inception and aromatic adsorption},
  author={Naseri, Ali and Kholghy, M Reza and Juan, Neil A and Thomson, Murray J},
  journal={Combustion and Flame},
  volume={237},
  pages={111721},
  year={2022},
  publisher={Elsevier}
}

@misc{cantera,
    author = "David G. Goodwin and Harry K. Moffat and Ingmar Schoegl and Raymond L.
              Speth and Bryan W. Weber",
    title = "Cantera: An Object-oriented Software Toolkit for Chemical
             Kinetics, Thermodynamics, and Transport Processes",
    year = 2022,
    note = "Version 2.6.0",
    howpublished = "\url{https://www.cantera.org}",
    doi = {10.5281/zenodo.6387882}
}

@article{martin2022soot,
  title={Soot inception: Carbonaceous nanoparticle formation in flames},
  author={Martin, Jacob W and Salamanca, Maurin and Kraft, Markus},
  journal={Progress in Energy and Combustion Science},
  volume={88},
  pages={100956},
  year={2022},
  publisher={Elsevier}
}
